<?xml version="1.0" encoding="UTF-8"?><record xmlns="http://www.loc.gov/MARC21/slim" xmlns:cinclude="http://apache.org/cocoon/include/1.0" xmlns:zs="http://www.loc.gov/zing/srw/">
  <leader>00637cz  a2200145n  4500</leader>
  <controlfield tag="001">n 2007217816</controlfield>
  <controlfield tag="003">DLC</controlfield>
  <controlfield tag="005">20080118075113.0</controlfield>
  <controlfield tag="008">080117n| acannaabn          |a ana      </controlfield>
  <datafield tag="010" ind1=" " ind2=" ">
    <subfield code="a">n 2007217816</subfield>
  </datafield>
  <datafield tag="040" ind1=" " ind2=" ">
    <subfield code="a">DLC</subfield>
    <subfield code="b">eng</subfield>
    <subfield code="c">DLC</subfield>
  </datafield>
  <datafield tag="110" ind1="2" ind2=" ">
    <subfield code="a">Madhya Pradesh Rural Livelihoods Project</subfield>
  </datafield>
  <datafield tag="410" ind1="1" ind2=" ">
    <subfield code="a">Madhya Pradesh (India).</subfield>
    <subfield code="b">Pañcāyata evaṃ Grāmīṇa Vikāsa Vibhāga.</subfield>
    <subfield code="b">Rural Livelihoods Project</subfield>
  </datafield>
  <datafield tag="410" ind1="2" ind2=" ">
    <subfield code="a">MPRLP</subfield>
  </datafield>
  <datafield tag="670" ind1=" " ind2=" ">
    <subfield code="a">Successful experiments in rural development / livelihoods, 2007:</subfield>
    <subfield code="b">v. 1, t.p. (Madhya Pradesh Rural Livelihoods Project) jkt. (DFID funded project of Govt. of M.P., Dept. of Panchayat &amp; Rural Development; MPRLP)</subfield>
  </datafield>
</record>